@misc{1:misc,
    author = "北京市科学技术研究院",
    title = "奥巴马宣布启动重大研究计划：“脑计划”",
    howpublished = "Website",
    year = {2013.05.07},
    note = {\url{http://www.bjast.com.cn/Html/Article/20130507/20780.html}}
}

@article{2:article,
author  ="Sílvio Filipe and Luís A. Alexandre",
title   ="From the human visual system to the computational models of visual attention: a survey",
journal  ="Artificial Intelligence Review",
year    ="2013"
};

@misc{3:misc,
    author = "北京大学生命科学学院",
    title = "视觉信息处理",
    howpublished = "Website",
    year = {2000},
    note = {\url{http://www.lmbe.seu.edu.cn/biology/bess/biology/chapt16/16-2-1.htm}}
}

@misc{4:misc,
    author = "百度百科",
    title = "视觉传导通路",
    howpublished = "Website",
    year = {2013},
    note = {\url{http://baike.baidu.cn/view/942820.htm}}
}



@article{5:article,
author  ="Sílvio Filipe and Luís A. Alexandre",
title   ="From the human visual system to the computational models of visual attention: a survey",
journal  ="Artificial Intelligence Review",
year    ="2013"
};

@article{6:article,
author  =" Goodale MA",
title   ="Transforming vision into action",
journal  ="Vision Research",
year    ="2010.07"
};

@article{7:article,
author  ="Wilson and H.R. and Ferrera",
title   ="A psychophysically motivated model for two-dimensional motion perception",
journal  ="Vis Neurosci",
volume ="9",
year    ="1992"
};

@article{8:article,
author  ="Leuba G and Kraftsik R",
title   ="Changes in volume, surface estimate, three-dimentional shape and total number of neurons of the human primary visual cortex from midgestation until old age",
journal  ="Anatomy and Embryology",
year    ="1994"
};

@article{9:article,
author  ="Gazzaniga, Ivry and Mangun",
title   ="Cognitive neuroscience",
journal  ="Journal of Neuroscience",
year    ="2002"
};

@article{10:article,
author  ="Braddick",
title   ="Brain areas sensitive to visual motion",
Journal  ="Trends in Neuroscience",
year    ="2003"
};

@misc{11:misc,
    author = "中国数字科技馆",
    title = "视觉的奥秘",
    howpublished = "Website",
    year = {2012},
    note = {\url{http://amuseum.cdstm.cn/AMuseum/perceptive/index.htm}}
}

@book{12:Book,
author          ="北京大学生命科学学院编写组",
year            ="2000.5",
title           ="现代生命科学导论",
publisher       ="高等教育出版社"
};

@misc{13:misc,
    author = "浙江大学医学院生理学系",
    title = "The Visual Cortex”",
    howpublished = "Website",
    year = {2010},
    note = {\url{http://course.zju.edu.cn/532/study/theory/2/Nervous}}
}

@misc{14:misc,
    author = "",
    title = "视觉传输",
    howpublished = "Website",
    year = {2008},
    note = {\url{http://www.etc.edu.cn/}}
}

@book{15:Book,
author          ="Christof Koch",
year            ="2005.1",
title           ="意识探秘——意识的神经生物学研究",
publisher       ="上海世纪出版集团"
};

@book{16:Book,
author          ="Francis Crick",
year            ="1997",
title           ="惊人的假说",
publisher       ="湖南科学技术出版社"
};

@book{17:Book,
author          ="寿天德",
year            ="2010",
title           ="视觉信息处理的脑机制",
publisher       ="中国科学技术大学出版社"
};

@book{18:Book,
author          ="薛冰",
year            ="2008.5",
title           ="神经元之间的信息传递",
publisher       ="北京大学出版社"
};


